
@inproceedings{AnWh17,
	key					= {},
	author				= {Ansari, A. R. and Whitman, J. and Saund, B. and Choset, H.},
	title				= {Modular Platforms for Advanced Inspection, Locomotion, and Manipulation – 17150},
	booktitle			= {WM2017 Conference},
	chapter				= {},
	date				= {05.03–09.03 2017},
	edition				= {},
	editor				= {},
	howpublished		= {},
	institution			= {},
	journal				= {},
	location			= {},
	medium				= {},
	month				= {mar},
	note				= {},
	number				= {},
	organization		= {},
	pages				= {},
	publisher			= {WM Symposia},
	address				= {Phoenix, Arizona, USA},
	school				= {},
	series				= {},
	type				= {},
	volume				= {},
	year				= {2017},
	URL	  				= {},
	URLDate				= {},
}

@inproceedings{BrCo15,
	key					= {},
	author				= {Brinker, J. and Corves, B.},
	title				= {A Survey on Parallel Robots with Delta-like Architecture},
	booktitle			= {[The 14th IFToMM World Congress, 25.10.2015-30.10.2015, Taipei, Taiwan]},
	chapter				= {},
	date				= {25.10 2015},
	edition				= {},
	editor				= {},
	howpublished		= {},
	institution			= {},
	journal				= {},
	location			= {},
	medium				= {},
	month				= {oct},
	note				= {},
	number				= {},
	organization		= {},
	pages				= {},
	publisher			= {International Federation for the Promotion of Mechanism and Machine Science},
	address				= {Taipei, Taiwan},
	school				= {},
	series				= {},
	type				= {},
	volume				= {},
	year				= {2015},
	URL	  				= {},
	URLDate				= {},
}

% NICHT VERWENDET !!!!
@article{BrLu17,
	key					= {},
	author				= {Brinker, J. and Lübbecke, M. and Takeda, Y. and Corves, B.},
	title				= {Optimization of the Reconfiguration Planning of Handling Systems Based on Parallel Manipulators With Delta-Like Architecture},
	booktitle			= {},
	chapter				= {},
	edition				= {},
	editor				= {},
	howpublished		= {},
	institution			= {1},
	journal				= {IEEE Robotics and Automation Letters},
	medium				= {},
	month				= {jul},
	note				= {},
	number				= {3},
	organization		= {},
	pages				= {1802-1808},
	publisher			= {IEEE},
	address             = {},
	school				= {},
	series				= {},
	type				= {},
	volume				= {2},
	year				= {2017},
}

@patent{Cl90,
	author				= {Clavel, R.},
	title				= {Device for the movement and positioning of an element in space},
	patentnr			= {US4976582A},
	year				= {1990},
}

@article{CrLe17,
	key					= {},
	author				= {Cruz, D. F. M. d. and Lepikson, H. A. and Weingaertner, W. L.},
	title				= {A parallel robot with three translational degrees of freedom for machining operations},
	booktitle			= {},
	chapter				= {},
	edition				= {},
	editor				= {},
	howpublished		= {},
	institution			= {1},
	journal				= {Engineering for a Changing World: Proceedings; 59th IWK, Ilmenau Scientific Colloquium, Technische Universität Ilmenau, September 11-15, 2017},
	medium				= {eJournal},
	month				= {nov},
	note				= {},
	number				= {3.1.P1},
	organization		= {},
	pages				= {},
	publisher			= {},
	address             = {Ilmenau, Germany},
	school				= {},
	series				= {},
	type				= {},
	volume				= {59, 2017},
	year				= {2017},
	URL	  				= {https://www.db-thueringen.de/receive/dbt_mods_00033179},
	URLDate				= {18.03.2019},
}

@inproceedings{DoBh18,
	key					= {},
	author				= {Dol, S. and Bhinge, R.},
	title				= {SMART motor for industry 4.0},
	booktitle			= {2018 IEEMA Engineer Infinite Conference (eTechNxT)},
	chapter				= {},
	date				= {13.03–14.03 2018},
	edition				= {},
	editor				= {},
	howpublished		= {},
	institution			= {},
	journal				= {},
	location			= {},
	medium				= {},
	month				= {mar},
	note				= {},
	number				= {},
	organization		= {},
	pages				= {1-6},
	publisher			= {IEEE},
	address				= {Greater Noida, NCR of Delhi, India},
	school				= {},
	series				= {},
	type				= {},
	volume				= {},
	year				= {2018},
	URL	  				= {},
	URLDate				= {},
}

@inproceedings{Eg14,
	key					= {},
	author				= {Eguchi, A.},
	title				= {Robotics as a learning tool for educational transformation},
	booktitle			= {Proceeding of 4th international workshop teaching robotics, teaching with robotics \& 5th international conference robotics in education},
	chapter				= {},
	date				= {18.07 2014},
	edition				= {},
	editor				= {},
	howpublished		= {},
	institution			= {},
	journal				= {},
	location			= {},
	medium				= {},
	month				= {jul},
	note				= {},
	number				= {},
	organization		= {},
	pages				= {27-34},
	publisher			= {IEEE},
	address				= {Padova Italy},
	school				= {},
	series				= {},
	type				= {},
	volume				= {},
	year				= {2014},
	URL	  				= {},
	URLDate				= {},
}

@inproceedings{Eg16,
	key					= {},
	author				= {Eguchi, A.},
	title				= {Computational Thinking with Educational Robotics},
	booktitle			= {Proceedings of Society for Information Technology \& Teacher Education International Conference 2016},
	chapter				= {},
	date				= {21.03-26.03 2016},
	edition				= {},
	editor				= {Chamblee, G. and Langub, L.},
	howpublished		= {},
	institution			= {},
	journal				= {},
	location			= {},
	medium				= {},
	month				= {mar},
	note				= {},
	number				= {},
	organization		= {},
	pages				= {79-84},
	publisher			= {Association for the Advancement of Computing in Education (AACE)},
	address				= {Savannah, GA, United States},
	school				= {},
	series				= {},
	type				= {},
	volume				= {},
	year				= {2016},
	URL	  				= {},
	URLDate				= {},
}

@inproceedings{FrDe18,
	key					= {},
	author				= {Friesen, J. M. and Dean, J. L. and Bewley, T. and Sunspiral, V.},
	title				= {A Tensegrity-Inspired Compliant 3-DOF Compliant Joint},
	booktitle			= {2018 IEEE International Conference on Robotics and Automation (ICRA)},
	chapter				= {},
	date				= {21.05-25.05 2018},
	edition				= {},
	editor				= {},
	howpublished		= {},
	institution			= {},
	journal				= {Proceedings - IEEE International Conference on Robotics and Automation},
	location			= {},
	medium				= {},
	month				= {may},
	note				= {},
	number				= {},
	organization		= {},
	pages				= {1-9},
	publisher			= {IEEE},
	address				= {Brisbane, Australia},
	school				= {},
	series				= {},
	type				= {},
	volume				= {},
	year				= {2018},
	URL	  				= {},
	URLDate				= {},
}

@book{He18,
	key					= {},
	author				= {{HEBI Robotics}},
	title				= {X-SERIES ACTUATOR\textregistered\ — TECHNICAL SPECIFICATIONS},
	booktitle			= {},
	chapter				= {},
	edition				= {},
	editor				= {},
	howpublished		= {},
	institution			= {},
	journal				= {},
	medium				= {Datenblatt},
	month				= {},
	note				= {},
	number				= {},
	organization		= {},
	pages				= {},
	publisher			= {},
	address				= {91 43rd Street, Suite 200, Pittsburgh, PA 15201},
	school				= {},
	series				= {},
	type				= {},
	volume				= {},
	year				= {2018},
	URL	  				= {http://docs.hebi.us/resources/datasheets/X-SeriesDatasheet.pdf},
	URLDate				= {22.04.2019},
}

% NICHT VERWENDET !!!!
@book{HeMa16,
	key					= {},
	author				= {Hesse, S. and Malisa, V.},
	title				= {Taschenbuch Robotik - Montage - Handhabung},
	booktitle			= {},
	chapter				= {},
	edition				= {},
	editor				= {},
	howpublished		= {},
	institution			= {},
	journal				= {},
	medium				= {},
	month				= {apr},
	note				= {},
	number				= {},
	organization		= {},
	pages				= {},
	publisher			= {Carl Hanser Verlag GmbH \& Company KG},
	address				= {München, Deutschland},
	school				= {},
	series				= {},
	type				= {},
	volume				= {},
	year				= {2016},
	URL	  				= {https://books.google.at/books?id=nXfkCwAAQBAJ},
	URLDate				= {28.04.2019},
}

@book{IFR18,
	key					= {},
	author				= {{International Federation of Robotics}},
	title				= {Robots and the Workplace of the Future},
	booktitle			= {},
	chapter				= {},
	edition				= {},
	editor				= {},
	howpublished		= {},
	institution			= {},
	journal				= {},
	medium				= {},
	month				= {mar},
	note				= {},
	number				= {},
	organization		= {},
	pages				= {},
	publisher			= {International Federation of Robotics},
	address				= {Frankfurt, Deutschland},
	school				= {},
	series				= {},
	type				= {},
	volume				= {},
	year				= {2018},
	URL	  				= {https://ifr.org/downloads/papers/IFR_Robots_and_the_Workplace_of_the_Future_Positioning_Paper.pdf},
	URLDate				= {22.04.2019},
}

@inproceedings{KaPo16,
	key					= {},
	author				= {Karamishev, H. and Popov, G. and Stoyanov, A.},
	title				= {Defining the Work Area of a Robot with Parallel Kinematics with 3 Degrees of Freedom},
	booktitle			= {INTERNATIONAL SCIENTIFIC CONFERENCE ''INDUSTRY 4.0'' 2016},
	chapter				= {},
	date				= {12.12-15.12 2016},
	edition				= {},
	editor				= {},
	howpublished		= {},
	institution			= {},
	journal				= {},
	location			= {},
	medium				= {},
	month				= {dec},
	note				= {},
	number				= {},
	organization		= {},
	pages				= {62-65},
	publisher			= {SCIENTIFIC TECHNICAL UNION OF MECHANICAL ENGINEERING},
	address				= {Borovets, Bulgaria},
	school				= {},
	series				= {},
	type				= {},
	volume				= {1},
	year				= {2016},
	URL	  				= {},
	URLDate				= {},
}

@article{KrWa15,
	key					= {},
	author				= {Krupke, D. and Wasserfall, F. and Hendrich, N. and Zhang, J.},
	title				= {Printable modular robot: an application of rapid prototyping for flexible robot design},
	booktitle			= {},
	chapter				= {},
	edition				= {},
	editor				= {},
	howpublished		= {},
	institution			= {},
	journal				= {Industrial Robot: the international journal of robotics research and application},
	medium				= {},
	month				= {},
	note				= {},
	number				= {2},
	organization		= {},
	pages				= {149-155},
	publisher			= {},
	address             = {},
	school				= {},
	series				= {},
	type				= {},
	volume				= {42},
	year				= {2015},
}

@book{LyPa17,
	key					= {},
	author				= {Lynch, K. M. and Park, F. C.},
	title				= {Modern Robotics: Mechanics, Planning, and Control},
	booktitle			= {},
	chapter				= {},
	edition				= {1st},
	editor				= {},
	howpublished		= {},
	institution			= {},
	journal				= {},
	medium				= {},
	month				= {},
	note				= {},
	number				= {},
	organization		= {},
	pages				= {},
	publisher			= {Cambridge University Press},
	address				= {New York, USA},
	school				= {},
	series				= {},
	type				= {},
	volume				= {},
	year				= {2017},
}

@book{Ne06,
	key					= {},
	author				= {Neugebauer, R.},
	title				= {Parallelkinematische Maschinen: Entwurf, Konstruktion, Anwendung},
	booktitle			= {},
	chapter				= {},
	edition				= {},
	editor				= {},
	howpublished		= {},
	institution			= {},
	journal				= {},
	medium				= {},
	month				= {mar},
	note				= {},
	number				= {},
	organization		= {},
	pages				= {},
	publisher			= {Springer Publishing Company, Incorporated},
	address				= {Berlin, Deutschland},
	school				= {},
	series				= {},
	type				= {},
	volume				= {},
	year				= {2006},
}

@article{PaDu14,
	key					= {},
	author				= {Pandilov, Z. and Dukovski, V.},
	title				= {Comparison of the Characteristics Between Serial and Parallel Robots},
	booktitle			= {},
	chapter				= {},
	date				= {},
	edition				= {},
	editor				= {},
	howpublished		= {},
	institution			= {},
	journal				= {Acta Technica Corvininesis - Bulletin of Engineering},
	location			= {},
	medium				= {},
	month				= {mar},
	note				= {},
	number				= {1},
	organization		= {},
	pages				= {143-160},
	publisher			= {},
	address				= {},
	school				= {},
	series				= {},
	type				= {},
	volume				= {7},
	year				= {2014},
	URL	  				= {},
	URLDate				= {},
}

@article{PoUr11,
	key					= {},
	author				= {Poppeová, V. and Uricek, J. and Bulej, V. and Sindler, P.},
	title				= {Delta Robots - Robots for High Speed Manipulation},
	booktitle			= {},
	chapter				= {},
	date				= {},
	edition				= {},
	editor				= {},
	howpublished		= {},
	institution			= {},
	journal				= {Tehnicki Vjesnik},
	location			= {},
	medium				= {},
	month				= {sep},
	note				= {},
	number				= {1},
	organization		= {},
	pages				= {435-445},
	publisher			= {},
	address				= {},
	school				= {},
	series				= {},
	type				= {},
	volume				= {18},
	year				= {2011},
	URL	  				= {},
	URLDate				= {},
}

@book{SiKh16,
	key					= {},
	author				= {Siciliano, B. and Khatib, O.},
	title				= {Springer Handbook of Robotics},
	booktitle			= {},
	chapter				= {},
	edition				= {2nd},
	editor				= {},
	howpublished		= {},
	institution			= {},
	journal				= {},
	medium				= {},
	month				= {},
	note				= {},
	number				= {},
	organization		= {},
	pages				= {},
	publisher			= {Springer Publishing Company, Incorporated},
	address				= {Berlin, Deutschland},
	school				= {},
	series				= {},
	type				= {},
	volume				= {},
	year				= {2016},
}

@article{SaDa18,
	key					= {},
	author				= {Saha, O. and Dasgupta, R.},
	title				= {A Comprehensive Survey of Recent Trends in Cloud Robotics Architectures and Applications},
	booktitle			= {},
	chapter				= {},
	edition				= {},
	editor				= {},
	howpublished		= {},
	institution			= {},
	journal				= {Robotics},
	medium				= {},
	month				= {aug},
	note				= {},
	number				= {47},
	organization		= {},
	pages				= {},
	publisher			= {},
	address             = {},
	school				= {},
	series				= {},
	type				= {},
	volume				= {7},
	year				= {2018},
}

@article{SoVa18,
	key					= {},
	author				= {Somló, J. and Dávid Varga, G. and Zenkl, M. and Mikó, B.},
	title				= {The ''Phantom'' Delta Robot A New Device for Parallel Robot Investigations},
	booktitle			= {},
	chapter				= {},
	edition				= {},
	editor				= {},
	howpublished		= {},
	institution			= {},
	journal				= {Computer Vision and Image Understanding},
	medium				= {Acta Polytechnica Hungarica},
	month				= {jul},
	note				= {4},
	number				= {},
	organization		= {},
	pages				= {143-160},
	publisher			= {},
	address				= {},
	school				= {},
	series				= {},
	type				= {},
	volume				= {15},
	year				= {2018},
}

@inproceedings{StCa03,
	key					= {},
	author				= {Staicu, S. and Carp-Ciocardia, D. C.},
	title				= {Dynamic Analysis of Clavel's Delta Parallel Robot},
	booktitle			= {2003 IEEE International Conference on Robotics and Automation (Cat. No.03CH37422)},
	chapter				= {},
	date				= {14.09-19.09 2003},
	edition				= {},
	editor				= {},
	howpublished		= {},
	institution			= {},
	journal				= {Proceedings - IEEE International Conference on Robotics and Automation},
	location			= {},
	medium				= {},
	month				= {sep},
	note				= {},
	number				= {},
	organization		= {},
	pages				= {4116-4121},
	publisher			= {IEEE},
	address				= {Taipei, Taiwan},
	school				= {},
	series				= {},
	type				= {},
	volume				= {3},
	year				= {2003},
	URL	  				= {},
	URLDate				= {},
}

@article{TaQi19,
	key					= {},
	author				= {Tao, F. and Qi, Q.},
	title				= {New IT Driven Service-Oriented Smart Manufacturing: Framework and Characteristics},
	booktitle			= {},
	chapter				= {},
	edition				= {},
	editor				= {},
	howpublished		= {},
	institution			= {},
	journal				= {IEEE Transactions on Systems, Man, and Cybernetics: Systems},
	medium				= {},
	month				= {jan},
	note				= {},
	number				= {1},
	organization		= {},
	pages				= {81-91},
	publisher			= {},
	address				= {},
	school				= {},
	series				= {},
	type				= {},
	volume				= {49},
	year				= {2019},
}

@article{ToLa16,
	key					= {},
	author				= {Tocháček, D. and Lapeš J. and Fuglík, V.},
	title				= {Developing Technological Knowledge and Programming Skills of Secondary Schools Students through the Educational Robotics Projects},
	booktitle			= {},
	chapter				= {},
	edition				= {},
	editor				= {},
	howpublished		= {},
	institution			= {},
	journal				= {Procedia - Social and Behavioral Sciences},
	medium				= {},
	month				= {feb},
	note				= {},
	number				= {},
	organization		= {},
	pages				= {377-381},
	publisher			= {},
	address				= {},
	school				= {},
	series				= {},
	type				= {},
	volume				= {217},
	year				= {2016},
}
 
@book{Ts99,
    key					= {},
	author				= {Tsai, L.-W.},
	title				= {Robot Analysis : The Mechanics of Serial and Parallel Manipulators},
	booktitle			= {},
	chapter				= {},
	edition				= {1st},
	editor				= {},
	howpublished		= {},
	institution			= {},
	journal				= {},
	medium				= {},
	month				= {jan},
	note				= {},
	number				= {},
	organization		= {},
	pages				= {},
	publisher			= {John Wiley \& Sons, Inc.},
	address				= {New York, NY, USA},
	school				= {},
	series				= {},
	type				= {},
	volume				= {},
	year				= {1999},
}

@book{We08,
    key					= {},
	author				= {Wenz, M.},
	title				= {Automatische Konfiguration der Bewegungssteuerung von Industrierobotern},
	booktitle			= {},
	chapter				= {},
	edition				= {},
	editor				= {},
	howpublished		= {},
	institution			= {},
	journal				= {},
	medium				= {},
	month				= {},
	note				= {},
	number				= {},
	organization		= {},
	pages				= {},
	publisher			= {Logos Verlag Berlin GmbH},
	address				= {Berlin, Deutschland},
	school				= {},
	series				= {},
	type				= {},
	volume				= {},
	year				= {2008},
}

@book{Wo11,
    key					= {},
	author				= {Woernle, C.},
	title				= {Mehrkörpersysteme: Eine Einführung in die Kinematik und Dynamik von Systemen starrer Körper},
	booktitle			= {},
	chapter				= {},
	edition				= {},
	editor				= {},
	howpublished		= {},
	institution			= {},
	journal				= {},
	medium				= {},
	month				= {},
	note				= {},
	number				= {},
	organization		= {},
	pages				= {},
	publisher			= {Springer Berlin Heidelberg},
	address				= {Berlin, Deutschland},
	school				= {},
	series				= {},
	type				= {},
	volume				= {},
	year				= {2011},
}

@book{Zs04,
	key					= {},
	author				= {Zsombor-Murray, P. J.},
	title				= {Descriptive Geometric Kinematic Analysis of Clavel's ''Delta'' Robot},
	booktitle			= {},
	chapter				= {},
	edition				= {},
	editor				= {},
	howpublished		= {},
	institution			= {},
	journal				= {},
	medium				= {},
	month				= {apr},
	note				= {},
	number				= {},
	organization		= {},
	pages				= {},
	publisher			= {},
	address				= {Sherbrooke, Canada},
	school				= {},
	series				= {},
	type				= {},
	volume				= {},
	year				= {2004},
	URL	  				= {http://robby.caltech.edu/~jwb/courses/ME115/handouts/DescriptiveGeometryDeltaRobot.pdf},
	URLDate				= {14.05.2019},
}





