
@inproceedings{Eg14,
	key					= {},
	author				= {Eguchi, A.},
	title				= {Robotics as a learning tool for educational transformation},
	booktitle			= {Proceeding of 4th international workshop teaching robotics, teaching with robotics \& 5th international conference robotics in education},
	chapter				= {},
	date				= {18.07 2014},
	edition				= {},
	editor				= {},
	howpublished		= {},
	institution			= {},
	journal				= {},
	location			= {},
	medium				= {},
	month				= {jul},
	note				= {},
	number				= {},
	organization		= {},
	pages				= {27-34},
	publisher			= {IEEE},
	address				= {Padova Italy},
	school				= {},
	series				= {},
	type				= {},
	volume				= {},
	year				= {2014},
	URL	  				= {},
	URLDate				= {},
}

@inproceedings{FrDe18,
	key					= {},
	author				= {Friesen, J. M. and Dean, J. L. and Bewley, T. and Sunspiral, V.},
	title				= {A Tensegrity-Inspired Compliant 3-DOF Compliant Joint},
	booktitle			= {2018 IEEE International Conference on Robotics and Automation (ICRA)},
	chapter				= {},
	date				= {21.05-25.05 2018},
	edition				= {},
	editor				= {},
	howpublished		= {},
	institution			= {},
	journal				= {Proceedings - IEEE International Conference on Robotics and Automation},
	location			= {},
	medium				= {},
	month				= {may},
	note				= {},
	number				= {},
	organization		= {},
	pages				= {1-9},
	publisher			= {IEEE},
	address				= {Brisbane, Australia},
	school				= {},
	series				= {},
	type				= {},
	volume				= {},
	year				= {2018},
	URL	  				= {},
	URLDate				= {},
}

@article{SaDa18,
	key					= {},
	author				= {Saha, O. and Dasgupta, R.},
	title				= {A Comprehensive Survey of Recent Trends in Cloud Robotics Architectures and Applications},
	booktitle			= {},
	chapter				= {},
	edition				= {},
	editor				= {},
	howpublished		= {},
	institution			= {},
	journal				= {Robotics},
	medium				= {},
	month				= {aug},
	note				= {},
	number				= {47},
	organization		= {},
	pages				= {},
	publisher			= {},
	address             = {},
	school				= {},
	series				= {},
	type				= {},
	volume				= {7},
	year				= {2018},
}

% pages: 81-91
@article{TaQi19,
	key					= {},
	author				= {Tao, F. and Qi, Q.},
	title				= {New IT Driven Service-Oriented Smart Manufacturing: Framework and Characteristics},
	booktitle			= {},
	chapter				= {},
	edition				= {},
	editor				= {},
	howpublished		= {},
	institution			= {},
	journal				= {IEEE Transactions on Systems, Man, and Cybernetics: Systems},
	medium				= {},
	month				= {jan},
	note				= {},
	number				= {1},
	organization		= {},
	pages				= {}, 
	publisher			= {},
	address				= {},
	school				= {},
	series				= {},
	type				= {},
	volume				= {49},
	year				= {2019},
}